<?xml version="1.0" encoding="UTF-8"?><collection xmlns="http://www.loc.gov/MARC21/slim"><record><leader>00449nam--2200169-u-4500</leader><controlfield tag="001">000051513</controlfield><controlfield tag="002">20161230</controlfield><controlfield tag="005">20161230201049</controlfield><controlfield tag="008">080724s1000------------r-----000-0-eng-d</controlfield><datafield ind1=" " ind2=" " tag="040"><subfield code="a">IFIN-HH</subfield></datafield><datafield ind1=" " ind2=" " tag="080"><subfield code="a">517.43</subfield></datafield><datafield ind1="1" ind2=" " tag="100"><subfield code="a">Van der Pol,B. i Bremmer,Kh</subfield></datafield><datafield ind1="1" ind2="0" tag="245"><subfield code="a">Operatsionnoe Ischislenie na Osnove Dvustoronnego Preobrazovaniya Laplasa</subfield></datafield><datafield ind1=" " ind2=" " tag="260"><subfield code="a">Moskva</subfield><subfield code="c">1952</subfield></datafield><datafield ind1=" " ind2=" " tag="300"><subfield code="a">506 p</subfield></datafield><datafield ind1=" " ind2=" " tag="852"><subfield code="a">78577</subfield><subfield code="c">517.43</subfield></datafield><datafield ind1=" " ind2=" " tag="CAT"><subfield code="a">Sys</subfield><subfield code="c">20080724</subfield><subfield code="h">102637</subfield></datafield></record></collection>